
%% This BibTeX bibliography file was created using BibDesk.
%% http://bibdesk.sourceforge.net/


%% Created for Harry Strange at 2015-11-10 13:26:11 +0000 


%% Saved with string encoding Unicode (UTF-8) 



@misc{JavaWR,
  title = {{WritableRaster, Oracle Java SE7}},
  howpublished = {\url{http://docs.oracle.com/javase/7/docs/api/java/awt/image/WritableRaster.html}},
  note = {Accessed: November 2015}
}
@online{averageFilter,
	ALTauthor = {Harry Strange},
	ALTeditor = {Harry Strange},
	title = {Average Filter Function},
	date = {03/12/2015},
	url = {https://blackboard.aber.ac.uk/bbcswebdav/pid-690794-dt-content-rid-1006217_1/courses/CS24110_AB0_2015-16/C241_L12_LQ.pdf},
	OPTsubtitle = {subtitle},
	OPTtitleaddon = {titleaddon},
	OPTlanguage = {language},
	OPTversion = {version},
	OPTnote = {note},
	OPTorganization = {organization},
	OPTdate = {date},
	OPTmonth = {month},
	OPTyear = {year},
	OPTaddendum = {addendum},
	OPTpubstate = {pubstate},
	OPTurldate = {urldate},
}
@online{automaticContrast,
	ALTauthor = {Harry Strange},
	ALTeditor = {Harry Strange},
	title = {Automatic Contrast Adjustment},
	date = {03/12/2015},
	url = {https://blackboard.aber.ac.uk/bbcswebdav/pid-688647-dt-content-rid-1002902_1/courses/CS24110_AB0_2015-16/CS241_L09_LQ.pdf},
	OPTsubtitle = {subtitle},
	OPTtitleaddon = {titleaddon},
	OPTlanguage = {language},
	OPTversion = {version},
	OPTnote = {note},
	OPTorganization = {organization},
	OPTdate = {date},
	OPTmonth = {month},
	OPTyear = {year},
	OPTaddendum = {addendum},
	OPTpubstate = {pubstate},
	OPTurldate = {urldate},
}
@online{histDesc,
	ALTauthor = {Harry Strange},
	ALTeditor = {Harry Strange},
	title = {Histogram Description},
	date = {04/12/2015},
	url = {https://blackboard.aber.ac.uk/bbcswebdav/pid-686416-dt-content-rid-999089_1/courses/CS24110_AB0_2015-16/CS241_L07_LQ.pdf},
	OPTsubtitle = {subtitle},
	OPTtitleaddon = {titleaddon},
	OPTlanguage = {language},
	OPTversion = {version},
	OPTnote = {note},
	OPTorganization = {organization},
	OPTdate = {date},
	OPTmonth = {month},
	OPTyear = {year},
	OPTaddendum = {addendum},
	OPTpubstate = {pubstate},
	OPTurldate = {urldate},
}
@online{histDescWiki,
	ALTauthor = {Wikipedia},
	ALTeditor = {Wikipedia},
	title = {Histogram},
	date = {04/12/2015},
	url = {https://en.wikipedia.org/wiki/Histogram},
	OPTsubtitle = {subtitle},
	OPTtitleaddon = {titleaddon},
	OPTlanguage = {language},
	OPTversion = {version},
	OPTnote = {note},
	OPTorganization = {organization},
	OPTdate = {date},
	OPTmonth = {month},
	OPTyear = {year},
	OPTaddendum = {addendum},
	OPTpubstate = {pubstate},
	OPTurldate = {urldate},
}
@online{rgbTOxyz,
	ALTauthor = {EasyRGB},
	ALTeditor = {editor},
	title = {Colour Space Conversion RGB to XYZ},
	date = {04/12/2015},
	url = {http://www.easyrgb.com/index.php?X=MATH&H=02#text2},
	OPTsubtitle = {subtitle},
	OPTtitleaddon = {titleaddon},
	OPTlanguage = {language},
	OPTversion = {version},
	OPTnote = {note},
	OPTorganization = {organization},
	OPTdate = {date},
	OPTmonth = {month},
	OPTyear = {year},
	OPTaddendum = {addendum},
	OPTpubstate = {pubstate},
	OPTurldate = {urldate},
}
@online{xyzTOlab,
	ALTauthor = {EasyRGB},
	ALTeditor = {editor},
	title = {Colour Space Conversion XYZ to LAB},
	date = {04/12/2015},
	url = {http://www.easyrgb.com/index.php?X=MATH&H=07#text7},
	OPTsubtitle = {subtitle},
	OPTtitleaddon = {titleaddon},
	OPTlanguage = {language},
	OPTversion = {version},
	OPTnote = {note},
	OPTorganization = {organization},
	OPTdate = {date},
	OPTmonth = {month},
	OPTyear = {year},
	OPTaddendum = {addendum},
	OPTpubstate = {pubstate},
	OPTurldate = {urldate},
}
@online{labTOxyz,
	ALTauthor = {EasyRGB},
	ALTeditor = {editor},
	title = {Colour Space Conversion LAB to XYZ},
	date = {04/12/2015},
	url = {http://www.easyrgb.com/index.php?X=MATH&H=08#text8},
	OPTsubtitle = {subtitle},
	OPTtitleaddon = {titleaddon},
	OPTlanguage = {language},
	OPTversion = {version},
	OPTnote = {note},
	OPTorganization = {organization},
	OPTdate = {date},
	OPTmonth = {month},
	OPTyear = {year},
	OPTaddendum = {addendum},
	OPTpubstate = {pubstate},
	OPTurldate = {urldate},
}
@online{xyzTOrgb,
	ALTauthor = {EasyRGB},
	ALTeditor = {editor},
	title = {Colour Space Conversion XYZ to RGB},
	date = {04/12/2015},
	url = {http://www.easyrgb.com/index.php?X=MATH&H=01#text1},
	OPTsubtitle = {subtitle},
	OPTtitleaddon = {titleaddon},
	OPTlanguage = {language},
	OPTversion = {version},
	OPTnote = {note},
	OPTorganization = {organization},
	OPTdate = {date},
	OPTmonth = {month},
	OPTyear = {year},
	OPTaddendum = {addendum},
	OPTpubstate = {pubstate},
	OPTurldate = {urldate},
}
